@inproceedings{shah_bayesian_2014,
	title = {Bayesian regression and {Bitcoin}},
	publisher = {IEEE},
	author = {Shah, Devavrat and Zhang, Kang},
	year = {2014},
	pages = {409--414},
}

@article{lo_stock_1988,
	title = {Stock market prices do not follow random walks:
                  {Evidence} from a simple specification test},
	volume = {1},
	issn = {0893-9454},
	number = {1},
	journal = {Review of financial studies},
	author = {Lo, Andrew W and MacKinlay, A Craig},
	year = {1988},
	pages = {41--66},
}

@article{caginalp_predictive_1998,
	title = {The predictive power of price patterns},
	volume = {5},
	issn = {1350-486X},
	number = {3-4},
	journal = {Applied Mathematical Finance},
	author = {Caginalp, Gunduz and Laurent, Henry},
	year = {1998},
	pages = {181--205},
}

@article{nakamoto_bitcoin:_2008,
	title = {Bitcoin: {A} peer-to-peer electronic cash system},
	author = {Nakamoto, Satoshi},
	year = {2008},
}

@article{bishop_bayesian_2003,
	title = {Bayesian regression and classification},
	volume = {190},
	issn = {1387-6694},
	journal = {Nato Science Series sub Series III Computer And
                  Systems Sciences},
	author = {Bishop, Christopher M and Tipping, Michael E},
	year = {2003},
	pages = {267--288},
}

@article{bell_bitcoin_????,
	title = {Bitcoin {Trading} {Agents}},
	author = {Bell, Tom},
}

@article{colianni_algorithmic_????,
	title = {Algorithmic {Trading} of {Cryptocurrency} {Based} on
                  {Twitter} {Sentiment} {Analysis}},
	author = {Colianni, Stuart and Rosales, Stephanie and
                  Signorotti, Michael},
}

@article{smith_analysis_2015,
	title = {An {Analysis} of {Bitcoin} {Exchange} {Rates}},
	journal = {Available at SSRN 2493797},
	author = {Smith, Jacob B},
	year = {2015},
}

@article{greaves_using_2015,
	title = {Using the {Bitcoin} {Transaction} {Graph} to
                  {Predict} the {Price} of {Bitcoin}},
	author = {Greaves, Alex and Au, Benjamin},
	year = {2015},
}

@article{georgoula_using_2015,
	title = {Using {Time}-{Series} and {Sentiment} {Analysis} to
                  {Detect} the {Determinants} of {Bitcoin} {Prices}},
	journal = {Available at SSRN 2607167},
	author = {Georgoula, Ifigeneia and Pournarakis, Demitrios and
                  Bilanakos, Christos and Sotiropoulos, Dionisios N
                  and Giaglis, George M},
	year = {2015},
}

@article{bitvai_evaluation_????,
	title = {Evaluation of {Algorithmic} {Trading} {Strategies}
                  with {Machine} {Learning} and {Data} {Mining}},
	author = {Bitvai, Zsolt and Dâ€™Souza, Kushal},
}

@misc{madan_automated_2014,
	title = {Automated {Bitcoin} {Trading} via {Machine}
                  {Learning} {Algorithms}},
	url =
                  {http://cs229.stanford.edu/proj2014/Isaac%20Madan,%20Shaurya%20Saluja,%20Aojia%20Zhao,Automated%20Bitcoin%20Trading%20via%20Machine%20Learning%20Algorithms.pdf},
	urldate = {2016-05-02},
	publisher = {Stanford University},
	author = {Madan, Isaac and Saluja, Shaurya and Zhao, Aojia},
	year = {2014},
	annote = {Didn't understood section 2.3 (Time Series). Maybe I
                  can consult with authors after review another
                  time.},
}

@article{zhang_learning_2014,
	title = {Learning time series data using cross correlation and
                  its application in bitcoin price prediction},
	author = {Zhang, Kang},
	year = {2014},
}

@article{lopez_network_2014,
	title = {Network and {Conversation} {Analyses} of {Bitcoin}},
	author = {Lopez, AMG and Alvarez-Pereira, B and Gorsky, S and
                  Ayres, M},
	year = {2014},
}

@article{garcia_social_2015,
	title = {Social signals and algorithmic trading of {Bitcoin}},
	volume = {2},
	issn = {2054-5703},
	number = {9},
	journal = {Royal Society open science},
	author = {Garcia, David and Schweitzer, Frank},
	year = {2015},
	pages = {150288},
}

@article{kristoufek_what_2015,
	title = {What are the main drivers of the {Bitcoin} price?
                  {Evidence} from wavelet coherence analysis},
	volume = {10},
	issn = {1932-6203},
	number = {4},
	journal = {PloS one},
	author = {Kristoufek, Ladislav},
	year = {2015},
	pages = {e0123923},
}

@book{narayanan_bitcoin_2016,
	title = {Bitcoin and {Cryptocurrency} {Technologies}},
	author = {Narayanan, Arvind and Bonneau, Joseph and Felten,
                  Edward and Miller, Andrew and Goldfeder, Steven},
	month = sep,
	year = {2016},

}